@book{thrun2005,
  title={Probabilistic Robotics},
  author={S. Thrun, W. Burgard and D. Fox},
  booktitle={Proceedings of the 24th international conference on Machine learning},
  pages={Cited on pages 6, 7, 9, 10, 11, 12, 13, 19, 21, 25, 26, 27, 331, 332},
  year={2005},
  organization={MIT Press, Cambridge, MA}
}

@inproceedings{gamini2001,
  title={A solution to the simultaneous localization and map building (slam) problem},
  author={M. W. M. Gamini Dissanayake, Newman, Steven Clark},
  booktitle={ProceedingPaul s of the 24th international conference on Machine learning},
  pages={pages 2 and 15},
  year={2001},
  organization={IEEE Transactions on Robotics and Automation, 17(3):229-241}
}

@inproceedings{mit2017,
  title={EKF SLAM for dummies},
  author={},
  booktitle={https://ocw.mit.edu/courses/aeronautics-and-astronautics/ 16-412j-cognitive-robotics-spring-2005/projects/1aslam_ blas_repo.pdf},
  pages={pages 6, 15, 17, and 18},
  year={2017},
  organization={MIT OCW}
}

@inproceedings{yifan2016,
  title={Loop closure detection for visual slam using pcanet features},
  author={Yifan Xia},
  booktitle={International Joint Conference on Neural Networks (IJCNN)},
  pages={cited on page 16},
  year={2016},
  organization={International Joint Conference on Neural Networks (IJCNN), Neural Networks (IJCNN), page 2274}
}

@inproceedings{curotto2016,
  title={Graphslam algorithm implementation for solving simultaneous localization and mapping},
  author={Curotto Molina and Franco Andreas},
  booktitle={},
  pages={pages 16, 23, 24, and 26},
  year={2016},
  organization={Masterâ€™s thesis, Universidad de Chile, Neural Networks (IJCNN), page 2274}
}

@inproceedings{cyrill2012,
  title={Robot mapping EKF SLAM},
  author={Cyrill Stachniss},
  booktitle={http://ais.informatik.uni-freiburg.de/teaching/ws12/mapping/pdf/slam04-ekf-slam.pdf},
  pages={Cited on pages 18, 19, and 26},
  year={2012},
  organization={}
}

@inproceedings{bozao2010,
  title={Fast large-scale SLAM with improved accuracy in mobile robot},
  author={Bo Zao, Xiaorui Zhu},
  booktitle={IEEE International Conference on Robotics and Biomimetics (ROBIO)},
  pages={Cited on pages 19 and 26},
  year={2010},
  organization={IEEE International Conference}
}

@inproceedings{samsuri2015,
  title={Computational cost analysis of extended Kalman filter in simultaneous localization and mapping (EKF-SLAM) problem for autonomous vehicle},
  author={S.B. Samsuri H.Zamzuri},
  booktitle={},
  pages={cited on page 19},
  year={2015},
  organization={ARPN Journal of Engineering and Applied Sciences }
}

@inproceedings{michael2007,
  title={FastSLAM - A Scalable Method for the Simultaneous Localization and Mapping Problem in Robotics},
  author={Michael Montemerlo and Sebastian Thrun},
  booktitle={},
  pages={cited on pages 12, 20, 21, and 22.},
  year={2007},
  organization={Springe Berlin Heildelberg New York, 1 edition}
}

@inproceedings{thrun2013,
  title={Fastslam: A factored solution to the simultaneous localization and mapping problem},
  author={M. Montemerlo, S. Thrun},
  booktitle={},
  pages={cited on page 27},
  year={2013},
  organization={ACM}
}
